@misc{Endjin,
    title = "{An experiment to automatically detect API breaking changes in .NET assemblies and suggest a Semantic Version number}",
    howpublished = "\url{https://blogs.endjin.com/2016/02/an-experiment-to-automatically-detect-api-breaking-changes-in-dot-net-assemblies-and-suggest-a-semantic-version-number/}",
    note = "Online; accessed 29 September 2016"
}

@misc{SemanticRelease,
    title = "{Semantic-Release: Fully automated package publishing}",
    howpublished = "\url{https://github.com/semantic-release/semantic-release}",
    note = "Online; accessed 29 September 2016"
}